
@article{ouyang2021,
  title = {{{STL Decomposition}} of {{Time Series Can Benefit Forecasting Done}} by {{Statistical Methods}} but {{Not}} by {{Machine Learning Ones}}},
  author = {Ouyang, Zuokun and Ravier, Philippe and Jabloun, Meryem},
  year = {2021},
  journal = {Engineering Proceedings},
  volume = {5},
  number = {1},
  pages = {42},
  doi = {10.3390/engproc2021005042},
  copyright = {http://creativecommons.org/licenses/by/3.0/},
  addendum = {Full Paper},
  keywords = {selected}
}

@inproceedings{ouyang2022,
  title = {A {{Comparison Study}} of {{Deep Learning Models Combined}} with {{Multistep Time Series Forecasting Strategies}}},
  author = {Ouyang, Zuokun and Ravier, Philippe and Jabloun, Meryem},
  addendum = {Abstract Paper},
  keywords = {selected},
  note = {Submitted to ITISE 2022}
}

@inproceedings{ouyang2022a,
  title = {Are {{Deep Learning Models Practically Good}} as {{Promised}}? {{A Strategical Comparison}} of {{Deep Learning Models}} for {{Time Series Forecasting}}},
  author = {Ouyang, Zuokun and Ravier, Philippe and Jabloun, Meryem},
  addendum = {Full Paper},
  keywords = {selected},
  note = {Submitted to EUSIPCO 2022}
}

@inproceedings{ouyang2022b,
  title = {{Une comparaison des mod\`eles d'apprentissage profond combin\'es avec des diff\'erentes strat\'egies pour la pr\'ediction multi-\'etape des s\'eries temporelles}},
  author = {Ouyang, Zuokun and Ravier, Philippe and Jabloun, Meryem},
  addendum = {Full Paper},
  keywords = {selected},
  note = {Submitted to GRETSI 2022},
}


